@article{fox_burgard_thrun_1997, title={The dynamic window approach to collision avoidance}, volume={4}, DOI={10.1109/100.580977}, number={1}, journal={IEEE Robotics & Automation Magazine}, author={Fox, D. and Burgard, W. and Thrun, S.}, year={1997}, pages={23â€“33}}